<?xml version="1.0" encoding="UTF-8"?><collection xmlns="http://www.loc.gov/MARC21/slim"><record><leader>00340nam--2200133-i-4500</leader><controlfield tag="001">000019355</controlfield><controlfield tag="002">20161230</controlfield><controlfield tag="005">20161230201033</controlfield><controlfield tag="008">060222s1000------------r-----000-0-eng-d</controlfield><datafield ind1=" " ind2=" " tag="080"><subfield code="a">681.14</subfield></datafield><datafield ind1=" " ind2=" " tag="100"><subfield code="a">Dodd, K.N</subfield></datafield><datafield ind1=" " ind2=" " tag="245"><subfield code="a">Logical design for computers and control</subfield></datafield><datafield ind1=" " ind2=" " tag="260"><subfield code="a">London, Butterworths, 1972.Ii + 128 P. + Index</subfield></datafield><datafield ind1=" " ind2=" " tag="852"><subfield code="a">37476</subfield></datafield></record></collection>